% This file was created with JabRef 2.10.
% Encoding: Cp1252


@Book{Bathe2002,
  Title                    = {Finite-Elemente-Methoden},
  Author                   = {Klaus-Jürgen Bathe},
  Publisher                = {Springer Verlag},
  Year                     = {2002},
  Edition                  = {2},

  Owner                    = {admin},
  Timestamp                = {2008.02.09}
}

@Book{Fastenrath1977,
  Title                    = {Die Eisenbahnschiene
Theoretische und praktische Hinweise zur Beanspruchung, Werkstoffbeschaffenheit, Profilwahl, Verschweißung und Behandlung in Gleis und Werkstatt},
  Author                   = {Fritz Fastenrath},
  Publisher                = {Verlag von Wilhelm Ernst \& Sohn},
  Year                     = {1977},

  Owner                    = {Nicholas Schramm},
  Timestamp                = {2014.06.02}
}

@PhdThesis{Freystein2012,
  Title                    = {Untersuchungen zu den zul{\"a}ssigen zus{\"a}tzlichen Schienenspannungen aus Interaktion Gleis, Br{\"u}cke},
  Author                   = {Freystein, H.},
  School                   = {Technische Universität Berlin},
  Year                     = {2012},

  Owner                    = {Nicholas Schramm},
  Timestamp                = {2014.05.28}
}

@Book{NABau,
  Title                    = {Eurocode 1: Einwirkungen auf Tragwerke –
Teil 2: Verkehrslasten auf Brücken;
Deutsche Fassung EN 1991-2:2003 + AC:2010},
  Author                   = {NABau},
  Editor                   = {DIN Deutsches Institut für Normung e. V., Berlin},
  Publisher                = {Normenausschuss Bauwesen (NABau) im DIN},

  Owner                    = {Nicholas Schramm},
  Timestamp                = {2014.06.04}
}

@Book{SOFiSTiKAG2012,
  Title                    = {SOFiMSHA Import und Export Finiter Elemente und Stabwerke Version 16.08},
  Author                   = {s.n.},
  Editor                   = {SOFiSTiK AG, Oberschleißheim},
  Publisher                = {SOFiSTiK AG},
  Year                     = {2012},

  Owner                    = {Nicholas Schramm},
  Timestamp                = {2014.05.19}
}

@comment{jabref-meta: selector_publisher:}

@comment{jabref-meta: selector_author:}

@comment{jabref-meta: selector_journal:}

@comment{jabref-meta: selector_keywords:}

